@misc{cite0,
	author = {LAPLACE},
    title = {Page de présentation du LAPLACE},
   	howpublished = {\url{http://www.laplace.univ-tlse.fr/presentation/presentation-27/}},
   	month = {jan},
    year = {2016},	
    note = {Site Web, Directeur de la publication : Christian Laurent}
}

@phdthesis{cite6,
    title = {\href{https://tel.archives-ouvertes.fr/tel-01020975}{Mesure d’un champ de masse volumique par Background Oriented
Schlieren 3D. Étude d’un dispositif expérimental et des méthodes de
traitement pour la résolution du problème inverse.}},
	author = {Violaine TODOROFF},
	school = {Institut National Polytechnique de Toulouse},
    year = {2013}
}