@misc{cite0,
	author = {LAPLACE},
    title = {Page de présentation du LAPLACE},
   	howpublished = {\url{http://www.laplace.univ-tlse.fr/presentation/presentation-27/}},
   	month = {jan},
    year = {2016},	
    note = {Site Web, Directeur de la publication : Christian Laurent}
}

@misc{cite1,
	author = {LAPLACE},
    title = {Organigramme du LAPLACE},
   	howpublished = {\url{http://www.laplace.univ-tlse.fr/IMG/jpg/organigramme_laplace_2.jpg}},
   	month = {jan},
    year = {2016},	
    note = {Image, Directeur de la publication : Christian Laurent}
}

@misc{cite2,
	author = {LAPLACE},
    title = {Page de présentation de l'Organisation du laboratoire},
   	howpublished = {\url{http://www.laplace.univ-tlse.fr/presentation/organisation-du-laboratoire/}},
   	month = {jan},
    year = {2016},	
    note = {Site Web, Directeur de la publication : Christian Laurent}
}

@misc{cite3,
	author = {Ministère de l'Education nationale de l'Enseignement supérieur et de la Recherche},
    title = {Ingénieur de recherche},
   	howpublished = {\url{http://www.enseignementsup-recherche.gouv.fr/cid23194/ingenieur-de-recherche.html}},
   	month = {apr},
    year = {2014},	
    note = {Site Web, Directrice de publication : Perrine Danmanville, Chef du département}
}

@misc{cite4,
	author = {Vassant Neermal Sewraj},
    title = {Liste des stages TER de M1 CESE : 2014-15},
   	howpublished = {\url{http://ekladata.com/3qOiVMphqLC8C6gL4cJumdAhOMQ/1_Liste_Propositions_TER_M1_CESE_16.pdf}},
    year = {2014},	
    note = {Document PDF, sujet 9, page 4}
}

@phdthesis{cite6,
    title = {\href{https://tel.archives-ouvertes.fr/tel-01020975}{Mesure d’un champ de masse volumique par Background Oriented
Schlieren 3D. Étude d’un dispositif expérimental et des méthodes de
traitement pour la résolution du problème inverse.}},
	author = {Violaine TODOROFF},
	school = {Institut National Polytechnique de Toulouse},
    year = {2013}
}
@misc{cite7,
	author = {D.R. Jonassen, G. Settles, M.D. Tronosky},
    title = {Optics and Lasers in Engineering},
   	howpublished = {\url{http:
//ac.els-cdn.com/S0143816605000539/1-s2.0-S0143816605000539-main.
pdf?_tid=2398c6a4-ae46-11e2-9b1e-00000aacb35f&acdnat=1366962884_
20b852d49f899be8e4ba8e6c0cc607cf}},
    year = {2006},	
    note = {Partie Schlieren ’piv’ for turbulent flows, pages 44 à 190 ; 207}
}